@article{international1983midi,
  title={{MIDI} musical instrument digital interface specification 1.0},
  author={International MIDI Association},
  year={1983}
}

@article{international1988standard,
  title={Standard {MIDI} Files},
  author={International MIDI Association},
  year={1988}
}

@article{moore1988dysfunctions,
  title={The dysfunctions of {MIDI}},
  author={Moore, F. Richard},
  journal={Computer music journal},
  volume={12},
  number={1},
  pages={19--28},
  year={1988}
}
